<?xml version="1.0" encoding="UTF-8"?>
  <record xmlns="http://www.loc.gov/MARC21/slim" type="Authority">
    <leader>00000nz  a2200000nc 4500</leader>
    <controlfield tag="001">119264528</controlfield>
    <controlfield tag="003">DE-101</controlfield>
    <controlfield tag="005">20220311161539.0</controlfield>
    <controlfield tag="008">950711n||azznnaabn           | aaa    |c</controlfield>
    <datafield tag="024" ind1="7" ind2=" ">
      <subfield code="a">119264528</subfield>
      <subfield code="0">http://d-nb.info/gnd/119264528</subfield>
      <subfield code="2">gnd</subfield>
    </datafield>
    <datafield tag="035" ind1=" " ind2=" ">
      <subfield code="a">(DE-101)119264528</subfield>
    </datafield>
    <datafield tag="035" ind1=" " ind2=" ">
      <subfield code="a">(DE-588)119264528</subfield>
    </datafield>
    <datafield tag="035" ind1=" " ind2=" ">
      <subfield code="z">(DE-588a)119264528</subfield>
      <subfield code="9">v:zg</subfield>
    </datafield>
    <datafield tag="035" ind1=" " ind2=" ">
      <subfield code="z">(DE-588a)124866913</subfield>
    </datafield>
    <datafield tag="035" ind1=" " ind2=" ">
      <subfield code="z">(DE-588a)10099850X</subfield>
    </datafield>
    <datafield tag="035" ind1=" " ind2=" ">
      <subfield code="z">(DE-588c)4381183-8</subfield>
      <subfield code="9">v:zg</subfield>
    </datafield>
    <datafield tag="040" ind1=" " ind2=" ">
      <subfield code="a">DE-101</subfield>
      <subfield code="c">DE-101</subfield>
      <subfield code="9">r:DE-101</subfield>
      <subfield code="b">ger</subfield>
      <subfield code="d">9999</subfield>
      <subfield code="e">rda</subfield>
    </datafield>
    <datafield tag="042" ind1=" " ind2=" ">
      <subfield code="a">gnd1</subfield>
    </datafield>
    <datafield tag="043" ind1=" " ind2=" ">
      <subfield code="c">XY</subfield>
      <subfield code="c">XW</subfield>
      <subfield code="c">XB-TR</subfield>
    </datafield>
    <datafield tag="065" ind1=" " ind2=" ">
      <subfield code="a">3.1p</subfield>
      <subfield code="2">sswd</subfield>
    </datafield>
    <datafield tag="075" ind1=" " ind2=" ">
      <subfield code="b">p</subfield>
      <subfield code="2">gndgen</subfield>
    </datafield>
    <datafield tag="075" ind1=" " ind2=" ">
      <subfield code="b">piz</subfield>
      <subfield code="2">gndspec</subfield>
    </datafield>
    <datafield tag="079" ind1=" " ind2=" ">
      <subfield code="a">g</subfield>
      <subfield code="q">s</subfield>
      <subfield code="q">a</subfield>
      <subfield code="q">f</subfield>
      <subfield code="q">e</subfield>
      <subfield code="u">w</subfield>
    </datafield>
    <datafield tag="100" ind1="1" ind2=" ">
      <subfield code="a">Lurya, Yitsḥaḳ ben Shelomoh</subfield>
      <subfield code="d">1534-1572</subfield>
    </datafield>
    <datafield tag="400" ind1="1" ind2=" ">
      <subfield code="a">Lurya, Yitsḥaḳ ben Shelomoh</subfield>
      <subfield code="d">1534-1572</subfield>
    </datafield>
    <datafield tag="400" ind1="1" ind2=" ">
      <subfield code="a">Lûryâ, Yiṣḥāq Ben-Šelomo</subfield>
      <subfield code="d">1534-1572</subfield>
      <subfield code="9">v:DIN Stand 1982</subfield>
    </datafield>
    <datafield tag="400" ind1="1" ind2=" ">
      <subfield code="a">Lûrjâ, Jiṣḥāq Ben-Šelomo</subfield>
      <subfield code="d">1534-1572</subfield>
    </datafield>
    <datafield tag="400" ind1="1" ind2=" ">
      <subfield code="a">Luria, Yiṣḥāq Ben-Šelômô</subfield>
      <subfield code="d">1534-1572</subfield>
    </datafield>
    <datafield tag="400" ind1="1" ind2=" ">
      <subfield code="a">Lurya, Yitsḥaḳ ben Shelomoh Ashkenazi</subfield>
      <subfield code="d">1534-1572</subfield>
    </datafield>
    <datafield tag="400" ind1="1" ind2=" ">
      <subfield code="a">Lurya, Yiṣḥāq Ben-Šelômô Aškenāzī</subfield>
      <subfield code="d">1534-1572</subfield>
    </datafield>
    <datafield tag="400" ind1="1" ind2=" ">
      <subfield code="a">Luria, Isaak Ben-Salomo Aschkenasi</subfield>
      <subfield code="d">1534-1572</subfield>
      <subfield code="9">v:B 1985 Reg.</subfield>
    </datafield>
    <datafield tag="400" ind1="1" ind2=" ">
      <subfield code="a">Luria, Isaak ben Salomo</subfield>
      <subfield code="d">1534-1572</subfield>
      <subfield code="9">v:Enc. Judaica (dt. Ausgabe)</subfield>
    </datafield>
    <datafield tag="400" ind1="1" ind2=" ">
      <subfield code="a">Luria, Isaac ben Solomon</subfield>
      <subfield code="d">1534-1572</subfield>
      <subfield code="9">v:LCAuth</subfield>
    </datafield>
    <datafield tag="400" ind1="1" ind2=" ">
      <subfield code="a">Luria, Isaac Ben-Solomon</subfield>
      <subfield code="d">1534-1572</subfield>
    </datafield>
    <datafield tag="400" ind1="1" ind2=" ">
      <subfield code="a">Lurya ha-Leṿi Ashekenazi, Yitsḥaḳ</subfield>
      <subfield code="d">1534-1572</subfield>
    </datafield>
    <datafield tag="400" ind1="1" ind2=" ">
      <subfield code="a">Lurya hal-Lewi Aškenāzī, Yiṣḥāq</subfield>
      <subfield code="d">1534-1572</subfield>
    </datafield>
    <datafield tag="400" ind1="1" ind2=" ">
      <subfield code="a">Lûrjâ hal-Lewi Aškenāzī, Jiṣḥāq</subfield>
      <subfield code="d">1534-1572</subfield>
    </datafield>
    <datafield tag="400" ind1="1" ind2=" ">
      <subfield code="a">Lurja ha-Levi Askenasi, Jizchak</subfield>
      <subfield code="d">1534-1572</subfield>
    </datafield>
    <datafield tag="400" ind1="1" ind2=" ">
      <subfield code="a">Lurya, Yiṣḥaq ben Šelomo</subfield>
      <subfield code="c">Kabbalist</subfield>
      <subfield code="d">1534-1572</subfield>
    </datafield>
    <datafield tag="400" ind1="1" ind2=" ">
      <subfield code="a">Luria, Isaac ben Solomon</subfield>
      <subfield code="c">Kabbalist</subfield>
      <subfield code="d">1534-1572</subfield>
    </datafield>
    <datafield tag="400" ind1="1" ind2=" ">
      <subfield code="a">Luria, Isaak ben Salomo</subfield>
      <subfield code="c">Kabbalist</subfield>
      <subfield code="d">1534-1572</subfield>
    </datafield>
    <datafield tag="400" ind1="1" ind2=" ">
      <subfield code="a">Loria ben Salomo, Ishaq</subfield>
      <subfield code="c">Kabbalist</subfield>
      <subfield code="d">1534-1572</subfield>
    </datafield>
    <datafield tag="400" ind1="1" ind2=" ">
      <subfield code="a">Luria, Isaac Ashkenazi</subfield>
      <subfield code="d">1534-1572</subfield>
    </datafield>
    <datafield tag="400" ind1="1" ind2=" ">
      <subfield code="a">Luria Ashkenazi, Isaak</subfield>
      <subfield code="d">1534-1572</subfield>
    </datafield>
    <datafield tag="400" ind1="1" ind2=" ">
      <subfield code="a">Lurya, Yitsḥaḳ</subfield>
      <subfield code="d">1534-1572</subfield>
    </datafield>
    <datafield tag="400" ind1="1" ind2=" ">
      <subfield code="a">Lûryâ, Yiṣḥāq</subfield>
      <subfield code="d">1534-1572</subfield>
    </datafield>
    <datafield tag="400" ind1="1" ind2=" ">
      <subfield code="a">Lûrjâ, Jiṣḥāq</subfield>
      <subfield code="d">1534-1572</subfield>
    </datafield>
    <datafield tag="400" ind1="1" ind2=" ">
      <subfield code="a">Luria, Yiṣḥāq</subfield>
      <subfield code="d">1534-1572</subfield>
    </datafield>
    <datafield tag="400" ind1="1" ind2=" ">
      <subfield code="a">Lurja, Isaak</subfield>
      <subfield code="d">1534-1572</subfield>
    </datafield>
    <datafield tag="400" ind1="1" ind2=" ">
      <subfield code="a">Lurya, Isaac</subfield>
      <subfield code="d">1534-1572</subfield>
    </datafield>
    <datafield tag="400" ind1="1" ind2=" ">
      <subfield code="a">Luria, Isaac</subfield>
      <subfield code="d">1534-1572</subfield>
    </datafield>
    <datafield tag="400" ind1="1" ind2=" ">
      <subfield code="a">Luria, Isaak</subfield>
      <subfield code="d">1534-1572</subfield>
    </datafield>
    <datafield tag="400" ind1="1" ind2=" ">
      <subfield code="a">Luriia, Itskhak</subfield>
      <subfield code="d">1534-1572</subfield>
    </datafield>
    <datafield tag="400" ind1="1" ind2=" ">
      <subfield code="a">Luria, Ari</subfield>
      <subfield code="d">1534-1572</subfield>
    </datafield>
    <datafield tag="400" ind1="1" ind2=" ">
      <subfield code="a">Lurya, Arizal</subfield>
      <subfield code="d">1534-1572</subfield>
    </datafield>
    <datafield tag="400" ind1="1" ind2=" ">
      <subfield code="a">Loria, Isaac</subfield>
      <subfield code="d">1534-1572</subfield>
    </datafield>
    <datafield tag="400" ind1="1" ind2=" ">
      <subfield code="a">Loriah, Isaac</subfield>
      <subfield code="d">1534-1572</subfield>
    </datafield>
    <datafield tag="400" ind1="1" ind2=" ">
      <subfield code="a">Loriense, Isaacus</subfield>
      <subfield code="d">1534-1572</subfield>
    </datafield>
    <datafield tag="400" ind1="1" ind2=" ">
      <subfield code="a">Loriense, Jizchak</subfield>
      <subfield code="d">1534-1572</subfield>
    </datafield>
    <datafield tag="400" ind1="1" ind2=" ">
      <subfield code="a">Lorjensis, Jizaac</subfield>
      <subfield code="d">1534-1572</subfield>
    </datafield>
    <datafield tag="400" ind1="1" ind2=" ">
      <subfield code="a">Lorja, Jizchak</subfield>
      <subfield code="d">1534-1572</subfield>
    </datafield>
    <datafield tag="400" ind1="1" ind2=" ">
      <subfield code="a">Lūrjā, Jiṣḥāq</subfield>
      <subfield code="d">1534-1572</subfield>
    </datafield>
    <datafield tag="400" ind1="1" ind2=" ">
      <subfield code="a">Lûrĕyāʾ, Yiṣḥāq</subfield>
      <subfield code="d">1534-1572</subfield>
    </datafield>
    <datafield tag="400" ind1="1" ind2=" ">
      <subfield code="a">Lûrĕyāʾ Aškĕnazzî, Yiṣḥāq</subfield>
      <subfield code="d">1534-1572</subfield>
    </datafield>
    <datafield tag="400" ind1="1" ind2=" ">
      <subfield code="a">Löwe, Der</subfield>
      <subfield code="d">1534-1572</subfield>
    </datafield>
    <datafield tag="400" ind1="1" ind2=" ">
      <subfield code="a">Lurja, Jishaq</subfield>
      <subfield code="c">Kabbalist</subfield>
      <subfield code="d">1534-1572</subfield>
    </datafield>
    <datafield tag="400" ind1="1" ind2=" ">
      <subfield code="a">Luria, Isaac</subfield>
      <subfield code="c">Kabbalist</subfield>
      <subfield code="d">1534-1572</subfield>
    </datafield>
    <datafield tag="400" ind1="1" ind2=" ">
      <subfield code="a">Lorja, Jezchak</subfield>
      <subfield code="c">Kabbalist</subfield>
      <subfield code="d">1534-1572</subfield>
    </datafield>
    <datafield tag="400" ind1="1" ind2=" ">
      <subfield code="a">Loriah, Isaac</subfield>
      <subfield code="c">Kabbalist</subfield>
      <subfield code="d">1534-1572</subfield>
    </datafield>
    <datafield tag="400" ind1="1" ind2=" ">
      <subfield code="a">Ashkenazi, Isaac</subfield>
      <subfield code="d">1534-1572</subfield>
    </datafield>
    <datafield tag="400" ind1="1" ind2=" ">
      <subfield code="a">Ashkenazi, Yitshak Lurya</subfield>
      <subfield code="d">1534-1572</subfield>
    </datafield>
    <datafield tag="400" ind1="1" ind2=" ">
      <subfield code="a">Ashkenazi, Itskhak Luriia</subfield>
      <subfield code="d">1534-1572</subfield>
    </datafield>
    <datafield tag="400" ind1="0" ind2=" ">
      <subfield code="a">Yitsḥaḳ ben Shelomoh Lurya</subfield>
      <subfield code="d">1534-1572</subfield>
    </datafield>
    <datafield tag="400" ind1="0" ind2=" ">
      <subfield code="a">Yiṣḥāq Ben-Šelômô Lûryâ</subfield>
      <subfield code="d">1534-1572</subfield>
    </datafield>
    <datafield tag="400" ind1="0" ind2=" ">
      <subfield code="a">Yiṣḥāq ben Šelômôh Luria</subfield>
      <subfield code="d">1534-1572</subfield>
    </datafield>
    <datafield tag="400" ind1="0" ind2=" ">
      <subfield code="a">Jiṣḥāq Ben-Šelômô Lûrjâ</subfield>
      <subfield code="d">1534-1572</subfield>
    </datafield>
    <datafield tag="400" ind1="0" ind2=" ">
      <subfield code="a">Isaak Ben Solomon Luria</subfield>
      <subfield code="d">1534-1572</subfield>
    </datafield>
    <datafield tag="400" ind1="0" ind2=" ">
      <subfield code="a">Jshaq ben Šlomo Luria</subfield>
      <subfield code="d">1534-1572</subfield>
    </datafield>
    <datafield tag="400" ind1="0" ind2=" ">
      <subfield code="a">Iṣḥaq Loria ben Salomo</subfield>
      <subfield code="d">1534-1572</subfield>
    </datafield>
    <datafield tag="400" ind1="0" ind2=" ">
      <subfield code="a">Isaak Luria</subfield>
      <subfield code="d">1534-1572</subfield>
    </datafield>
    <datafield tag="400" ind1="0" ind2=" ">
      <subfield code="a">Jezchak Lorja</subfield>
      <subfield code="d">1534-1572</subfield>
    </datafield>
    <datafield tag="400" ind1="0" ind2=" ">
      <subfield code="a">Jiṣḥāq Lurjā Aškenēzī</subfield>
      <subfield code="d">1534-1572</subfield>
    </datafield>
    <datafield tag="400" ind1="0" ind2=" ">
      <subfield code="a">Isaak Aschkenazi Lurja</subfield>
      <subfield code="d">1534-1572</subfield>
    </datafield>
    <datafield tag="400" ind1="0" ind2=" ">
      <subfield code="a">Jezchak Lorja Germanus</subfield>
      <subfield code="d">1534-1572</subfield>
    </datafield>
    <datafield tag="400" ind1="0" ind2=" ">
      <subfield code="a">Jitzchak Lorjensis Germanus</subfield>
      <subfield code="d">1534-1572</subfield>
    </datafield>
    <datafield tag="400" ind1="0" ind2=" ">
      <subfield code="a">Jizchak Lorja Germanus</subfield>
      <subfield code="d">1534-1572</subfield>
    </datafield>
    <datafield tag="400" ind1="0" ind2=" ">
      <subfield code="a">Jiṣḥāq Lūrjā</subfield>
      <subfield code="d">1534-1572</subfield>
    </datafield>
    <datafield tag="400" ind1="0" ind2=" ">
      <subfield code="a">Yiṣḥāq Lûryā Aškenāzî</subfield>
      <subfield code="d">1534-1572</subfield>
    </datafield>
    <datafield tag="400" ind1="1" ind2=" ">
      <subfield code="a">Yiṣḥāq, hā-ʾĔlôhî</subfield>
      <subfield code="c">Rabbî</subfield>
      <subfield code="d">1534-1572</subfield>
    </datafield>
    <datafield tag="400" ind1="1" ind2=" ">
      <subfield code="a">Ha-ARI, Kitve</subfield>
      <subfield code="d">1534-1572</subfield>
    </datafield>
    <datafield tag="400" ind1="0" ind2=" ">
      <subfield code="a">ha-Ari</subfield>
      <subfield code="d">1534-1572</subfield>
    </datafield>
    <datafield tag="400" ind1="0" ind2=" ">
      <subfield code="a">hā-Arʺi</subfield>
      <subfield code="d">1534-1572</subfield>
    </datafield>
    <datafield tag="400" ind1="0" ind2=" ">
      <subfield code="a">hā-Arī</subfield>
      <subfield code="d">1534-1572</subfield>
      <subfield code="4">pseu</subfield>
      <subfield code="4">https://d-nb.info/standards/elementset/gnd#pseudonym</subfield>
      <subfield code="w">r</subfield>
      <subfield code="i">Pseudonym</subfield>
      <subfield code="e">Pseudonym</subfield>
    </datafield>
    <datafield tag="400" ind1="0" ind2=" ">
      <subfield code="a">Arʺi</subfield>
      <subfield code="c">Kabbalist</subfield>
      <subfield code="d">1534-1572</subfield>
    </datafield>
    <datafield tag="400" ind1="0" ind2=" ">
      <subfield code="a">Ari</subfield>
      <subfield code="d">1534-1572</subfield>
    </datafield>
    <datafield tag="400" ind1="1" ind2=" ">
      <subfield code="9">U:Hebr</subfield>
      <subfield code="a">אשכנזי, אר״י</subfield>
      <subfield code="d">1534-1572</subfield>
    </datafield>
    <datafield tag="400" ind1="1" ind2=" ">
      <subfield code="9">U:Hebr</subfield>
      <subfield code="a">אשכנזי, יצחק לוריא</subfield>
      <subfield code="d">1534-1572</subfield>
    </datafield>
    <datafield tag="400" ind1="0" ind2=" ">
      <subfield code="9">U:Hebr</subfield>
      <subfield code="a">ארי</subfield>
      <subfield code="d">1534-1572</subfield>
    </datafield>
    <datafield tag="400" ind1="0" ind2=" ">
      <subfield code="9">U:Hebr</subfield>
      <subfield code="a">אר״י</subfield>
      <subfield code="d">1534-1572</subfield>
      <subfield code="5">DE-576</subfield>
    </datafield>
    <datafield tag="400" ind1="0" ind2=" ">
      <subfield code="9">U:Hebr</subfield>
      <subfield code="a">אריזל</subfield>
      <subfield code="d">1534-1572</subfield>
    </datafield>
    <datafield tag="400" ind1="0" ind2=" ">
      <subfield code="9">U:Hebr</subfield>
      <subfield code="a">אריז״ל</subfield>
      <subfield code="d">1534-1572</subfield>
    </datafield>
    <datafield tag="400" ind1="0" ind2=" ">
      <subfield code="9">U:Hebr</subfield>
      <subfield code="a">הארי</subfield>
      <subfield code="d">1534-1572</subfield>
    </datafield>
    <datafield tag="400" ind1="0" ind2=" ">
      <subfield code="9">U:Hebr</subfield>
      <subfield code="a">האר״י</subfield>
      <subfield code="d">1534-1572</subfield>
    </datafield>
    <datafield tag="400" ind1="0" ind2=" ">
      <subfield code="9">U:Hebr</subfield>
      <subfield code="a">יצחק לוריא</subfield>
      <subfield code="d">1534-1572</subfield>
    </datafield>
    <datafield tag="400" ind1="0" ind2=" ">
      <subfield code="9">U:Hebr</subfield>
      <subfield code="a">לוריא יצחק בן שלמה</subfield>
      <subfield code="d">1534-1572</subfield>
    </datafield>
    <datafield tag="400" ind1="1" ind2=" ">
      <subfield code="9">U:Hebr</subfield>
      <subfield code="a">לוריא, יצחק בן סלומון</subfield>
      <subfield code="d">1534-1572</subfield>
    </datafield>
    <datafield tag="400" ind1="1" ind2=" ">
      <subfield code="9">U:Hebr</subfield>
      <subfield code="a">לוריא, יצחק בן שלמה</subfield>
      <subfield code="d">1534-1572</subfield>
    </datafield>
    <datafield tag="400" ind1="1" ind2=" ">
      <subfield code="9">U:Hebr</subfield>
      <subfield code="a">לוריה, יצחק בן שלמה</subfield>
      <subfield code="d">1534-1572</subfield>
    </datafield>
    <datafield tag="400" ind1="1" ind2=" ">
      <subfield code="9">U:Hebr</subfield>
      <subfield code="a">לוריא, יצחק בן שלמה אשכנזי</subfield>
      <subfield code="d">1534-1572</subfield>
    </datafield>
    <datafield tag="400" ind1="1" ind2=" ">
      <subfield code="9">U:Hebr</subfield>
      <subfield code="a">לוריא, יצחק בן שלמה</subfield>
      <subfield code="c">אשכנזי</subfield>
      <subfield code="d">1534-1572</subfield>
    </datafield>
    <datafield tag="400" ind1="1" ind2=" ">
      <subfield code="9">U:Hebr</subfield>
      <subfield code="a">לוריה, יצחק</subfield>
      <subfield code="d">1534-1572</subfield>
    </datafield>
    <datafield tag="400" ind1="1" ind2=" ">
      <subfield code="9">U:Hebr</subfield>
      <subfield code="a">לוריא, יצחק</subfield>
      <subfield code="c">אשכנזי</subfield>
      <subfield code="d">1534-1572</subfield>
    </datafield>
    <datafield tag="400" ind1="1" ind2=" ">
      <subfield code="9">U:Hebr</subfield>
      <subfield code="a">לוריא, יצחק אשכנזי</subfield>
      <subfield code="d">1534-1572</subfield>
    </datafield>
    <datafield tag="400" ind1="1" ind2=" ">
      <subfield code="9">U:Hebr</subfield>
      <subfield code="a">לוריא אשכנזי, יצחק</subfield>
      <subfield code="d">1534-1572</subfield>
    </datafield>
    <datafield tag="400" ind1="1" ind2=" ">
      <subfield code="9">U:Hebr</subfield>
      <subfield code="a">לוריא, אהרן</subfield>
      <subfield code="d">1534-1572</subfield>
    </datafield>
    <datafield tag="400" ind1="1" ind2=" ">
      <subfield code="9">U:Hebr</subfield>
      <subfield code="a">לוריא, אריז״ל</subfield>
      <subfield code="d">1534-1572</subfield>
    </datafield>
    <datafield tag="400" ind1="0" ind2=" ">
      <subfield code="9">U:Hebr</subfield>
      <subfield code="a">לוריא</subfield>
      <subfield code="d">1534-1572</subfield>
    </datafield>
    <datafield tag="548" ind1=" " ind2=" ">
      <subfield code="a">1534-1572</subfield>
      <subfield code="4">datl</subfield>
      <subfield code="4">https://d-nb.info/standards/elementset/gnd#dateOfBirthAndDeath</subfield>
      <subfield code="w">r</subfield>
      <subfield code="i">Lebensdaten</subfield>
    </datafield>
    <datafield tag="550" ind1=" " ind2=" ">
      <subfield code="0">(DE-101)041362357</subfield>
      <subfield code="0">(DE-588)4136235-4</subfield>
      <subfield code="0">https://d-nb.info/gnd/4136235-4</subfield>
      <subfield code="a">Mystiker</subfield>
      <subfield code="4">beru</subfield>
      <subfield code="4">https://d-nb.info/standards/elementset/gnd#professionOrOccupation</subfield>
      <subfield code="w">r</subfield>
      <subfield code="i">Beruf</subfield>
    </datafield>
    <datafield tag="667" ind1=" " ind2=" ">
      <subfield code="a">12</subfield>
    </datafield>
    <datafield tag="667" ind1=" " ind2=" ">
      <subfield code="a">7</subfield>
    </datafield>
    <datafield tag="667" ind1=" " ind2=" ">
      <subfield code="a">VD-17</subfield>
    </datafield>
    <datafield tag="667" ind1=" " ind2=" ">
      <subfield code="a">Red. SSG</subfield>
    </datafield>
    <datafield tag="670" ind1=" " ind2=" ">
      <subfield code="a">EJ, 2nd ed. 2007</subfield>
    </datafield>
    <datafield tag="672" ind1=" " ind2="0">
      <subfield code="a">Sēder Tiqqûnê šabbāt</subfield>
      <subfield code="f">1702 = 5462 [jüd. Zeit]</subfield>
    </datafield>
    <datafield tag="672" ind1=" " ind2="0">
      <subfield code="a">Sēder Tiqqûnê šabbāt</subfield>
      <subfield code="f">1724 = 5484 [jüd. Zeit]</subfield>
    </datafield>
    <datafield tag="672" ind1=" " ind2="0">
      <subfield code="a">Sēder Tiqqûnê šabbāt</subfield>
      <subfield code="f">1725 = 5485 [jüd. Zeit]</subfield>
    </datafield>
    <datafield tag="672" ind1=" " ind2="0">
      <subfield code="a">Tiḳun Shelomoh</subfield>
      <subfield code="f">1763 = 5523 [jüd. Zeit]</subfield>
    </datafield>
    <datafield tag="672" ind1=" " ind2="0">
      <subfield code="a">Sēder Tiqqûn Šelomo ʿim Tiqqûnê šabbāt</subfield>
      <subfield code="f">1832 = 5592 [jüd. Zeit]</subfield>
    </datafield>
    <datafield tag="672" ind1=" " ind2="0">
      <subfield code="a">Derekh emet. - s.a.</subfield>
    </datafield>
    <datafield tag="672" ind1=" " ind2="0">
      <subfield code="a">Sefer ha-Kaṿanot</subfield>
      <subfield code="f">1971</subfield>
    </datafield>
    <datafield tag="672" ind1=" " ind2="0">
      <subfield code="a">Zohar ha-raḳiʿa</subfield>
      <subfield code="f">1970</subfield>
    </datafield>
    <datafield tag="678" ind1=" " ind2=" ">
      <subfield code="b">Kabbalist aus Palästina; Jüd. Mystiker</subfield>
    </datafield>
    <datafield tag="700" ind1="1" ind2="4">
      <subfield code="9">U:Hebr</subfield>
      <subfield code="a">לוריא, יצחק בן שלמה</subfield>
      <subfield code="d">1534-1572</subfield>
      <subfield code="5">DE-576</subfield>
      <subfield code="9">v:Original</subfield>
    </datafield>
    <datafield tag="700" ind1="0" ind2="4">
      <subfield code="9">U:Hebr</subfield>
      <subfield code="a">ה @אר"י</subfield>
      <subfield code="d">1534-1572</subfield>
    </datafield>
    <datafield tag="913" ind1=" " ind2=" ">
      <subfield code="S">pnd</subfield>
      <subfield code="i">a</subfield>
      <subfield code="a">Luria, Yitsḥaḳ ben Shelomoh</subfield>
      <subfield code="0">(DE-588a)119264528</subfield>
    </datafield>
  </record>
